[gd_scene load_steps=9 format=2]

[ext_resource path="res://GFX/Environment/ground_grass_small.png" type="Texture" id=1]
[ext_resource path="res://GFX/Environment/ground_cake.png" type="Texture" id=2]
[ext_resource path="res://GFX/Environment/ground_cake_small.png" type="Texture" id=3]
[ext_resource path="res://GFX/Environment/ground_snow_small.png" type="Texture" id=4]
[ext_resource path="res://GFX/Environment/ground_sand_small.png" type="Texture" id=5]
[ext_resource path="res://GFX/Environment/ground_sand.png" type="Texture" id=6]
[ext_resource path="res://GFX/Environment/ground_snow.png" type="Texture" id=7]
[ext_resource path="res://GFX/Environment/ground_grass.png" type="Texture" id=8]

[node name="PlatformTiles" type="Node2D"]

[node name="ground_cake" type="Sprite" parent="."]
position = Vector2( 301.504, 200 )
texture = ExtResource( 2 )

[node name="StaticBody2D" type="StaticBody2D" parent="ground_cake"]

[node name="CollisionPolygon2D" type="CollisionPolygon2D" parent="ground_cake/StaticBody2D"]
visible = false
polygon = PoolVector2Array( -189.504, -16, -161.605, 47.2365, 159.068, 35.5692, 189.474, -14.9889, 189.12, -38.677, 176.746, -47.8694, -174.333, -47.5158, -188.227, -37.2099 )

[node name="ground_cake_small" type="Sprite" parent="."]
position = Vector2( 338, 72 )
texture = ExtResource( 3 )

[node name="StaticBody2D" type="StaticBody2D" parent="ground_cake_small"]

[node name="CollisionPolygon2D" type="CollisionPolygon2D" parent="ground_cake_small/StaticBody2D"]
visible = false
polygon = PoolVector2Array( -82, 40, 75.9508, 49.9037, 100.834, -17.1871, 99.8893, -38.2908, 88.865, -49.0001, -86.264, -49.9451, -99.1782, -33.2511, -99.4932, -18.762 )

[node name="ground_grass" type="Sprite" parent="."]
position = Vector2( 293.028, 514.426 )
texture = ExtResource( 8 )

[node name="StaticBody2D2" type="StaticBody2D" parent="ground_grass"]

[node name="CollisionPolygon2D" type="CollisionPolygon2D" parent="ground_grass/StaticBody2D2"]
visible = false
polygon = PoolVector2Array( -189.504, -16, -161.605, 47.2365, 159.068, 35.5692, 189.474, -14.9889, 189.12, -38.677, 176.746, -47.8694, -174.333, -47.5158, -188.227, -37.2099 )

[node name="ground_grass_small" type="Sprite" parent="."]
position = Vector2( 263.363, 376.696 )
texture = ExtResource( 1 )

[node name="StaticBody2D2" type="StaticBody2D" parent="ground_grass_small"]

[node name="CollisionPolygon2D" type="CollisionPolygon2D" parent="ground_grass_small/StaticBody2D2"]
visible = false
polygon = PoolVector2Array( -82, 40, 75.9508, 49.9037, 100.834, -17.1871, 99.8893, -38.2908, 88.865, -49.0001, -86.264, -49.9451, -99.1782, -33.2511, -99.4932, -18.762 )

[node name="ground_sand" type="Sprite" parent="."]
position = Vector2( 805.808, 452.977 )
texture = ExtResource( 6 )

[node name="StaticBody2D3" type="StaticBody2D" parent="ground_sand"]

[node name="CollisionPolygon2D" type="CollisionPolygon2D" parent="ground_sand/StaticBody2D3"]
visible = false
polygon = PoolVector2Array( -189.504, -16, -161.605, 47.2365, 159.068, 35.5692, 189.474, -14.9889, 189.12, -38.677, 176.746, -47.8694, -174.333, -47.5158, -188.227, -37.2099 )

[node name="ground_sand_small" type="Sprite" parent="."]
position = Vector2( 706.219, 338.555 )
texture = ExtResource( 5 )

[node name="StaticBody2D3" type="StaticBody2D" parent="ground_sand_small"]

[node name="CollisionPolygon2D" type="CollisionPolygon2D" parent="ground_sand_small/StaticBody2D3"]
visible = false
polygon = PoolVector2Array( -82, 40, 75.9508, 49.9037, 100.834, -17.1871, 99.8893, -38.2908, 88.865, -49.0001, -86.264, -49.9451, -99.1782, -33.2511, -99.4932, -18.762 )

[node name="ground_snow" type="Sprite" parent="."]
position = Vector2( 831.235, 205.063 )
texture = ExtResource( 7 )

[node name="StaticBody2D4" type="StaticBody2D" parent="ground_snow"]

[node name="CollisionPolygon2D" type="CollisionPolygon2D" parent="ground_snow/StaticBody2D4"]
visible = false
polygon = PoolVector2Array( -189.504, -16, -161.605, 47.2365, 159.068, 35.5692, 189.474, -14.9889, 189.12, -38.677, 176.746, -47.8694, -174.333, -47.5158, -188.227, -37.2099 )

[node name="ground_snow_small" type="Sprite" parent="."]
position = Vector2( 727.408, 86.4029 )
texture = ExtResource( 4 )

[node name="StaticBody2D4" type="StaticBody2D" parent="ground_snow_small"]

[node name="CollisionPolygon2D" type="CollisionPolygon2D" parent="ground_snow_small/StaticBody2D4"]
visible = false
polygon = PoolVector2Array( -82, 40, 75.9508, 49.9037, 100.834, -17.1871, 99.8893, -38.2908, 88.865, -49.0001, -86.264, -49.9451, -99.1782, -33.2511, -99.4932, -18.762 )
