[gd_scene load_steps=4 format=2]

[ext_resource path="res://Player/Player.tscn" type="PackedScene" id=1]
[ext_resource path="res://Scenes/Tileset.tres" type="TileSet" id=2]
[ext_resource path="res://Hazards/SpikeTop.tscn" type="PackedScene" id=3]

[node name="Level1" type="Node2D"]

[node name="Player" parent="." instance=ExtResource( 1 )]
position = Vector2( 565.643, 996.698 )
collision_mask = 6

[node name="TileMap" type="TileMap" parent="."]
tile_set = ExtResource( 2 )
collision_layer = 2
format = 1
tile_data = PoolIntArray( 1114170, 3, 0, 1179654, 2, 0, 1310714, 3, 0, 1245232, 3, 0, 1310735, 3, 0, 1376258, 3, 0, 1376296, 3, 0, 1441814, 3, 0, 1507357, 2, 0, 1572907, 2, 0, 1572919, 3, 0, 1638411, 3, 0, 1769491, 3, 0, 1900540, 2, 0, 1835043, 2, 0, 1900570, 3, 0 )

[node name="Hazards" type="Node" parent="."]

[node name="SpikeTop" parent="Hazards" instance=ExtResource( 3 )]
position = Vector2( 228.07, 1311.4 )

[node name="SpikeTop10" parent="Hazards" instance=ExtResource( 3 )]
modulate = Color( 0.435294, 0.0509804, 0.0588235, 1 )
position = Vector2( -277.96, 1193.8 )

[node name="SpikeTop11" parent="Hazards" instance=ExtResource( 3 )]
modulate = Color( 0.435294, 0.0509804, 0.0588235, 1 )
position = Vector2( -167.489, 1763.98 )

[node name="SpikeTop12" parent="Hazards" instance=ExtResource( 3 )]
modulate = Color( 0.435294, 0.0509804, 0.0588235, 1 )
position = Vector2( 0.000244141, 1763.98 )

[node name="SpikeTop2" parent="Hazards" instance=ExtResource( 3 )]
modulate = Color( 0.435294, 0.0509804, 0.0588235, 1 )
position = Vector2( 805.373, 1575.11 )

[node name="SpikeTop3" parent="Hazards" instance=ExtResource( 3 )]
modulate = Color( 0.435294, 0.0509804, 0.0588235, 1 )
position = Vector2( 1314.97, 1699.83 )

[node name="SpikeTop4" parent="Hazards" instance=ExtResource( 3 )]
modulate = Color( 0.435294, 0.0509804, 0.0588235, 1 )
position = Vector2( 1753.29, 1828.12 )

[node name="SpikeTop5" parent="Hazards" instance=ExtResource( 3 )]
modulate = Color( 0.435294, 0.0509804, 0.0588235, 1 )
position = Vector2( 2344.85, 1763.98 )

[node name="SpikeTop6" parent="Hazards" instance=ExtResource( 3 )]
modulate = Color( 0.435294, 0.0509804, 0.0588235, 1 )
position = Vector2( 2501.64, 1763.98 )

[node name="SpikeTop7" parent="Hazards" instance=ExtResource( 3 )]
modulate = Color( 0.435294, 0.0509804, 0.0588235, 1 )
position = Vector2( 2840.19, 1510.96 )

[node name="SpikeTop8" parent="Hazards" instance=ExtResource( 3 )]
modulate = Color( 0.435294, 0.0509804, 0.0588235, 1 )
position = Vector2( 3018.36, 1510.96 )

[node name="SpikeTop9" parent="Hazards" instance=ExtResource( 3 )]
modulate = Color( 0.435294, 0.0509804, 0.0588235, 1 )
position = Vector2( 3624.18, 1510.96 )
